@article{harman2001search,
  title={Search-based software engineering},
  author={Harman, Mark and Jones, Bryan F},
  journal={Information and software Technology},
  volume={43},
  number={14},
  pages={833--839},
  year={2001},
  publisher={Elsevier}
}

@article{chen2018sampling,
  title={“Sampling” as a baseline optimizer for search-based software engineering},
  author={Chen, Jianfeng and Nair, Vivek and Krishna, Rahul and Menzies, Tim},
  journal={IEEE Transactions on Software Engineering},
  volume={45},
  number={6},
  pages={597--614},
  year={2018},
  publisher={IEEE}
}

@article{marler2004MOOsurvey,
  title={Survey of multi-objective optimization methods for engineering},
  author={Marler, R Timothy and Arora, Jasbir S},
  journal={Structural and multidisciplinary optimization},
  volume={26},
  pages={369--395},
  year={2004},
  publisher={Springer}
}